% Quellen bib

% Disseration
@book{Diss_Hofer,
	author 	= 	"Lukas Hofer",
	title 	= 	"Development of the gas chromatograph – mass spectrometer to investigate volatile species in the lunar soil for the Luna-Resurs mission",
	year 	= 	"2015",
	publisher = "Universität Bern"
}

@book{Diss_Meyer,
	author 	= 	"Stefan Meyer",
	title 	= 	"Development of a Neutral Gas-and Ion-Mass Spectrometer	for Jupiter’s Moons",
	year 	= 	"2017",
	publisher = "Universität Bern"
}

@book{Diss_Neuland,
	author 	= 	"Maike Brigitte Neuland",
	title 	= 	"In situ mass spectrometry for planetary exploration: Quantitative chemical composition measurements on planetary surfaces",
	year 	= 	"2015",
	publisher = "Universität Bern"
}

@book{Diss_Fausch,
	author 	= 	"Rico Georgio Fausch",
	title 	= 	"Mass Spectrometry for In Situ Planetary Research",
	year 	= 	"2020",
	publisher = "Universität Bern"
}

@book{Diss_Abplanalp,
	author 	= 	"Dominic Abplanalp",
	title 	= 	"Development of a sensitive TOF-Mass Spectrometer for Space Research",
	year 	= 	"2009",
	publisher = "Universität Bern"
}

@book{thermcondTungst,
	author 	= 	"Lassner, Erik and Schubert, Wolf-Dieter",
	title 	= 	"Tungsten",
	year 	= 	"1999",
	publisher = "Springer US"
}

@book{MaterHandbookCardaelli,
	author 	= 	"Cardarelli, François",
	title 	= 	"Materials Handbook",
	year 	= 	"2008",
	publisher = "Springer-Verlag London"
}


@Article{Meyer_2017_ante,
	AUTHOR = {Meyer, S. and Tulej, M. and Wurz, P.},
	TITLE = {Mass spectrometry of planetary exospheres at high relative velocity: direct
	comparison of open- and closed-source measurements},
	JOURNAL = {Geoscientific Instrumentation, Methods and Data Systems},
	VOLUME = {6},
	YEAR = {2017},
	NUMBER = {1},
	PAGES = {1--8},
	URL = {https://gi.copernicus.org/articles/6/1/2017/},
	DOI = {10.5194/gi-6-1-2017}
}

@book{Diss_Scherer,
	author 	= 	"Stefan Scherer",
	title 	= 	"Design of a high-performance Reflect:ron Time-of-Flight mass spectrometer for space applications",
	year 	= 	"1999",
	publisher = "Universität Bern"
}

@book{Master_Meyer,
	author 	=	"Stefan Meyer",
	title 	= 	"Development of Fully Automated and Highly Precise Data Analysis for a Miniaturized Laser-Ablation Mass Spectrometer",
	year 	=	"2013",
	publisher = "Universität Bern"
}

@article{Wiza_1979_MCP,
	title = {Microchannel plate detectors},
	journal = {Nuclear Instruments and Methods},
	volume = {162},
	number = {1},
	pages = {587-601},
	year = {1979},
	issn = {0029-554X},
	doi = {https://doi.org/10.1016/0029-554X(79)90734-1},
	url = {https://www.sciencedirect.com/science/article/pii/0029554X79907341},
	author = {Joseph {Ladislas Wiza}}
}

@article{thermResistTungst,
	author = {Desai,P. D.  and Chu,T. K.  and James,H. M.  and Ho,C. Y. },
	title = {Electrical Resistivity of Selected Elements},
	journal = {Journal of Physical and Chemical Reference Data},
	volume = {13},
	number = {4},
	pages = {1069-1096},
	year = {1984},
	doi = {10.1063/1.555723},
	URL = {https://doi.org/10.1063/1.555723},
	eprint = {https://doi.org/10.1063/1.555723}
}



@book{Agilent_TechNote_SNR,
	author 	=	"G.Wells, H. Prest, C.W. Russ",
	title 	= 	"Technical Note: Signal, Noise and Detection Limits in Mass Spectrometry",
	date 	=	"2011",
	publisher = "Agilent Technologies",
	doi = {5990-7651EN}
}

@article{Hedin_1964,
	doi = {10.1029/jz069i021p04637},
	url = {https://doi.org/10.1029%2Fjz069i021p04637},
	year = 1964,
	month = {nov},
	publisher = {American Geophysical Union ({AGU})},
	volume = {69},
	number = {21},
	pages = {4637--4648},
	author = {A. E. Hedin and C. P. Avery and C. D. Tschetter},
	title = {An analysis of spin modulation effects on data obtained with a rocket-borne mass spectrometer},
	journal = {Journal of Geophysical Research}
}

@book{Collins_2014,
	url = {https://doi.org/10.1016/B978-0-12-415845-0.00037-2},
	year = 2014,
	publisher = {Elsevier},
	pages = {813--829},
	author = {Geoffrey Collins and Torrence C. Johnson},
	title = {Chapter 37 - Ganymede and Callisto},
	booktitle ={Encyclopedia of the Solar System (Third Edition)},
	journal = {Journal of Geophysical Research}
}

% Masterarbeit
@book{Master_Maike,
	author 	= 	"Maike Neuland",
	title 	= 	"Investigation of Diamond-like Carbon Charge State Conversion Surfaces for Low	Energy Neutral Atom Imaging Detectors in Space Applications",
	year 	= 	"2011",
	publisher = "Universität Bern"
}

@book{Master_Andreas,
	author 	=	"Andreas Riedo",
	title 	= 	"Optimization of the Detection-technique for Energetic Neutral Atoms for the BepiColombo Mission",
	year 	=	"2010",
	publisher = "Universität Bern"
}

@book{Master_Marc,
	author = "Marc Allenbach",
	title = "Evaluation of Potential Conversion	Surfaces for the IMAP Mission",
	year = "2016",
	publisher = "Universität Bern"
}

@book{Master_Schletti,
	author = "Reto Schletti",
	title = "Anwendung der Oberfl{\"a}chenionisation in Raumforschungsexperimenten",
	year = "1996",
	publisher = "Universität Bern"
}

@book{Diss_Wieser,
	author = "Martin Wieser",
	title = "Detection of Energetic Neutral Atoms and its Application to Heliospheric Science",
	year = "2005",
	publisher = "Universität Bern"
}

@book{Diss_Wahlstroem,
	author = "Peter Wahlström",
	title = "Optimization of the Detection-Technique for Energetic Neutral Atoms for the IBEX Mission",
	year = "2007",
	publisher = "Universität Bern"
}

@book{PhysicsChem_TaylorFrancis_07,
	author 	=	"David R. Lide et al.",
	title 	= 	"CRC Handbook of Chemistry and Physics,	Internet Version 2007",
	year 	=	"2007",
	publisher = "Taylor and Francis, Boca Raton, FL"
}

@book{DensEnhan_Wurz_07,
	author = {{W{\"u}est}, Martin and {Evans}, David S. and {von Steiger}, Rudolf},
	title = "{Calibration of Particle Instruments in Space Physics}",
	year = 2007,
	adsurl = {https://ui.adsabs.harvard.edu/abs/2007cpis.book.....W},
	adsnote = {Provided by the SAO/NASA Astrophysics Data System}
}

@misc{url_IBEX_McComas,
	author    = "Dave McComas",
	title     = "IBEX: Interstellar Boundary Explorer",
	url       = {http://ibex.swri.edu/students/What_do_the_first_maps.shtml},
	note	  = {Accessed: 2017-10-06}
}

@misc{JUICE_Pic,
	author    = "ESA",
	title     = "Juice mission",
	url       = {http://www.esa.int/spaceinimages/Images/2017/07/Juice_mission},
	note	  = {Accessed: 2017-10-07}
}

@misc{PEP_MaxPl,
	author    = "Max-Planck-Gesellschaft zur Förderung der Wissenschaften e.V.",
	title     = "PEP - Particle Environmental Package",
	url       = {https://www.mps.mpg.de/planetenforschung/juice-pep},
	note	  = {Accessed: 2017-10-07}
}

@misc{PEP_NASA,
	author    = "Thomas Kindra",
	title     = "NASA Approves Instruments for ESA’s ‘JUICE’ Mission to Jupiter System",
	url       = {https://www.nasa.gov/feature/nasa-approves-instruments-for-esa-s-juice-mission-to-jupiter-system},
	note	  = {Accessed: 2017-10-07}
}

@misc{LecNot_Wurz2017,
	author    = "P Wurz",
	title     = "Lecture Notes Mass Spectrometry and Ion Optics",
	year	  = "2017",
}

@article{BaZrO3_Jans_01,
	author =       "S Jans and P Wurz and R Schletti and K Brüning and K Sekar and W Heiland and J Quinn and R.E Leuchtner",
	title =        "Scattering of atoms and molecules off a barium zirconate surface",
	journal =      "Nuclear Instruments and Methods in Physics Research Section B: Beam Interactions with Materials and Atoms",
	volume =       "173",
	number =       "4",
	pages =        "503 -- 515",
	year =         "2001",
	doi = "https://doi.org/10.1016/S0168-583X(00)00421-3"
}

@INPROCEEDINGS{Lasi_IEEE2020,
	author={Lasi, Davide and Meyer, Stefan and Piazza, Daniele and Lüthi, Mathias and Nentwig, Andreas and Gruber, Mario and Brüngger, Stefan and Gerber, Michael and Braccini, Saverio and Tulej, Marek and Föhn, Martina and Wurz, Peter},  booktitle={2020 IEEE Aerospace Conference},
	title={Decisions and Trade-Offs in the Design of a Mass Spectrometer for Jupiter's Icy Moons},
	year={2020},
	volume={},
	number={},
	pages={1-20},
	doi={10.1109/AERO47225.2020.9172784}}

@article{McpDetectEfficiencyO_StephenPeko_99,
	author =       "T. M. Stephen and B. L. Peko",
	title =        "Absolute Calibration of a Multichannel Plate Detector for Low Energy O, O-, and O+",
	journal =      "Review of Scientific Instruments",
	volume =       "71",
	number =       "3",
	pages =        "1355 -- 1359",
	year =         "1999"
}

@article{McpDetectEfficiencyH_PekoStephen_00,
	author =       "B. L. Peko and T. M. Stephen",
	title =        "Absolute detection efficiencies of low energy H, H-, H+, H2+ and H3+ incident on a multichannel plate detector",
	journal =      "Nuclear Instruments and Methods in Physics Research Section B: Beam Interactions with Materials and Atoms",
	volume =       "171",
	number =       "4",
	pages =        "597 -- 604",
	year =         "2000"
}

@article{IMAP_Schwadron_13,
	author =       "N. A. Schwadron and M. Opher and J. Kasper and R. Mewaldt and E. Moebius and H. E. Spence and T. H. Zurbuchen",
	title =        "Interstellar Mapping and Acceleration Probe (IMAP)",
	journal =      "Journal of Physics: Conference Series",
	volume =       "767",
	number =       "1",
	pages =        "012025",
	year =         "2016"
}

@article{Vorburger_2018,
	title = {Europa’s ice-related atmosphere: The sputter contribution},
	journal = {Icarus},
	volume = {311},
	pages = {135-145},
	year = {2018},
	issn = {0019-1035},
	doi = {https://doi.org/10.1016/j.icarus.2018.03.022},
	url = {https://www.sciencedirect.com/science/article/pii/S0019103517305377},
	author = {A. Vorburger and P. Wurz}
}


@article{PEP_Barabash_17,
	author =       "S. Barabash and P. Wurz and p. Brandt and M. Wieser and M. Holmström and Y. Futaana and G. Stenberg and H. Nilsson and A. Eriksson and M. Tulej and A. Vorburger and N. Thomas and C. Paranicas and D. G. Mitchell and G. Ho and B. H. Mauk and D. Haggerty and J. Westlake and M. Fränz and D .Grodent",
	title =        "Particle Environment Package (PEP)",
	journal =      "EPSC2013",
	volume =       "8",
	year =         "2013",
	month =        "1"
}

@article{JNA_Neuland_17,
	author =       "M.B. Neuland and Y. Futaana and S. Fatemi and M. Shimoyama and K. Asamura and A. Vorburger and P. Wurz and M. Wieser and S. Barabash",
	title =        "Imaging of energetic neutral atoms with	the Jovian Neutral Atoms Analyser onboard JUICE: Charge exchange ENAs near Ganymede",
	journal =      "EPSC2017",
	volume =       "11",
	year =         "2017"
}


@book{red_book,
	title = "JUICE JUpiter ICy moons Explorer: Exploring the emergence of habitable worlds around gas giants",
	author = "H Hussmann and P Palumbo and R Jaumann and M Dougherty and Y Langevin and G. Piccioni and S Barabash and P Wurz and {van den Brandt}, P and L Gurvits and L Bruzzone and J Plaut and JE Wahlund and B Cecconi and P Hartogh and R Gladstone and L Iess and DJ Stevenson and Y Kaspi and O Grasset and L Fletcher",
	note = "Definition Study Report",
	year = "2014",
	language = "English",
	volume = "ESA/SRE",
	publisher = "ESA",
	
}

 @article{ThermEmiss_Y2O3,
	title = {HIGH TEMPERATURE SPECTRAL EMISSIVITY OF YTTRIUM, SAMARIUM, GADOLINIUM, ERBIUM AND LUTETIUM OXIDES},
	author = {McMahon, W R and Wilder, D R},
	url = {https://www.osti.gov/biblio/4704246}, journal = {},
	place = {United States},
	year = {1963},
	month = {1}
}

@article{ThermalEmiss_Ta,
	title={Thermal Properties of Tantalum Between 300 and 2300 K},
	author={N. Milosevic and G. Vukovic and D. Z. Pavicic and K. Maglic},
	journal={International Journal of Thermophysics},
	year={1999},
	volume={20},
	pages={1129-1136}
}
 
@article{Al2O3_Scheer_09,
	author =       "J. A. Scheer and P. Wahlström and P. Wurz",
	title =        "Scattering of light molecules from thin Al2O3 films",
	journal =      "Nuclear Instruments and Methods in Physics Research B",
	volume =       "267",
	pages =        "2571 -- 2574",
	year =         "2009"
}

@article{SeconadryElectronEmission_Wieser_05,
	author =       "M. Wieser and P. Wurz and R. J. Nemanich and S. Fuselier",
	title =        "Secondary electron emission of chemical vapor deposited diamond by impact of slow H+, D+, H2+, C+, O+ and O2+ ions",
	journal =      "Journal of Applied Physics",
	volume =       "98",
	number =       "3",
	year =         "2005",
	note    =      "doi: \url{10.1063/1.1996855}"
}

@article{Setup_Wahlstöm_13,
	author =       "P. Wahlström and J. A. Scheer and A. Riedo and P. Wurz and M. Wieser",
	title =        "Test Facility to Study Surface-Interaction Processes for Particle Detection in Space",
	journal =      "Journal of Spacecraft and Rockets",
	volume =       "50",
	number =       "2",
	pages =        "403 -- 410",
	month =		   "March",
	year =         "2013"
}

@article{Al2O3_NylundOlefjord_94,
	author =       "Anders Nylund and Ingemar Olefjord",
	title =        "Surface analysis of oxidized aluminium. 1. Hydration of Al2O3 and decomposition of Al(OH)3 in a vacuum as studied by ESCA",
	journal =      "Surface and Interface Analysis",
	volume =       "21",
	number =       "5",
	pages =        "283 -- 2890",
	year =         "1994"
}

@article{NegaticeHeGeneration_Wurz_08,
	author =       "Peter Wurz and Lukas Saul and Jürgen A. Scheer and Eberhard Möbius and Harald Kucharek and Stephen A. Fuselier",
	title =        "Negative helium generation upon surface scattering: Application in space science",
	journal =      "Journal of Applied Physics",
	volume =       "103",
	number =	   "5",
	pages =        "054904",
	year =         "2008"
}

@article{HeParam_Moebius_04,
	author =       "E. Möbius and M. Bzowski and Sergey Chalov and H. Fahr and George Gloeckler and Vladislav Izmodenov and R. Kallenbach and R. Lallement and D. Mcmullin and H. Noda and Mitsuo Oka and Anuschka Pauluhn and J. Raymond and D. Ruciński and R. Skoug and T. Terasawa and W. Thompson and J. Vallerga and Rudolf Von Steiger and M. Witte",
	title =        "Synopsis of the interstellar He parameters from combined neutral gas, pickup ion and UV scattering observations and related consequences",
	journal =      "Astronomy and Astrophysics",
	volume =       "426",
	number =       "3",
	pages =        "897 -- 907",
	year =         "2004"
}

@book{monolayerformation_OHanlon_03,
	author    = "John F. O'Hanlon",
	title     = "A User's Guide to Vacuum Technology",
	year      = "2003",
	publisher = "John Wiley \& Sons, Inc.",
	edition   = "Third"
}

@article{molFlowTubeTransm_Essen1976,
	author =       "D. van Essen and W. Chr. Heerens",
	title =        "On the transmission probability for molecular gas flow through a tube",
	journal =      "Journal of Vacuum Science and Technology",
	volume =       "13",
	number =       "6",
	pages =        "1183 -- 1187",
	year =         "1976"
}

@article{CASYMIR_Graf2004,
	author =       "S. Graf and K. Altweg and H. Balsiger and A. Jäckel and E. Kopp and U. Langer and W. Luithardt and Christian Westermann and P. Wurz",
	title =        "A cometary neutral gas simulator for gas dynamic sensor and mass spectrometer calibration : Space simulations in laboratory: Experiments, instrumentation, and modeling",
	journal =      "Journal of Geophysical Research",
	volume =       "109",
	year =         "2004"
}


@manual{SOC_Crema3p2,
	author	= "A. Boutonnet and G. Varga",
	title	= " JUICE- Jupiter Icy moons Explorer Consolidated Report on Mission Analysis (CReMA)",
	edition = "ESA Document JUI-ESOC-MOC-RP-001",
	year	= "2017",
	month	= "04",
}

@misc{url_Knuth_17,
	author    = "Donald Knuth",
	title     = "Knuth: Computers and Typesetting",
	url       = "http://www-cs-faculty.stanford.edu/\~{}uno/abcde.html"
}
